01REMESSA01COBRANCA       12340012345112345678EMPRESA DE TESTE              341BANCO ITAU SA  100311ESTA E A LINHA EXTREMAMENTE LONGA                                                                                                                                                                                                                                                                     000001
11212345678901234123400123451ABC11234AQUI E O USO DA EMRPESA 1123456781234567.12345123ESTE E O TESTE USO  A 1212345678901303111234567890.1234112345CAA110311TSAG1234567890.011003111234567890.121234567890.121234567890.121212345678901234JOSE DA SILVA TESTE           J123456789RUA LONGE PRA BURRO                     CASA VERDE  12345678TOC TOC PEQUENOSPJORGE PEREIRA DOS SANTOS      A12310031110A123456
11212345678901234123400123451ABC11234AQUI E O USO DA EMRPESA 1123456781234567.12345123ESTE E O TESTE USO  A 1212345678901303111234567890.1234112345CAA110311TSAG1234567890.011003111234567890.121234567890.121234567890.121212345678901234JOSE DA SILVA TESTE           J123456789RUA LONGE PRA BURRO                     CASA VERDE  12345678TOC TOC PEQUENOSPJORGE PEREIRA DOS SANTOS      A12310031110A123456
9BRANCOS DO TRAILER                                                                                                                                                                                                                                                                                                                                                                                       123456